{"totalEvents":1659,"totalRevenue":303537079.23,"avgEventSize":182963.88,"medianEventSize":178286.9,"eventsWithRecap":997,"topClientsByRevenue":[{"name":"Lincoln","count":65,"totalRevenue":13338308.76},{"name":"Cadillac","count":68,"totalRevenue":13096228.37},{"name":"Ford","count":71,"totalRevenue":12978161.13},{"name":"Infiniti","count":69,"totalRevenue":12693756.44},{"name":"Land Rover","count":60,"totalRevenue":12478492.63},{"name":"Nissan","count":66,"totalRevenue":12130033.16},{"name":"Kia","count":68,"totalRevenue":11863197.95},{"name":"Chrysler","count":60,"totalRevenue":11661257.49},{"name":"Subaru","count":67,"totalRevenue":11629936.67},{"name":"Genesis","count":57,"totalRevenue":10906176.52}],"topOfficesByVolume":[{"name":"Charlotte","count":124,"totalRevenue":22138704.28},{"name":"San Francisco","count":120,"totalRevenue":21601130.99},{"name":"Miami","count":119,"totalRevenue":22366958.51},{"name":"Los Angeles","count":119,"totalRevenue":21867174.87},{"name":"Atlanta","count":118,"totalRevenue":21590796.1},{"name":"Dallas","count":116,"totalRevenue":21243375.79},{"name":"Portland","count":114,"totalRevenue":22039726.4},{"name":"Phoenix","count":113,"totalRevenue":19304525.33},{"name":"Denver","count":111,"totalRevenue":21250317.06},{"name":"Detroit","count":109,"totalRevenue":19438143.59},{"name":"Chicago","count":105,"totalRevenue":18962277.65},{"name":"New York","count":104,"totalRevenue":18249925.26},{"name":"Seattle","count":103,"totalRevenue":18524961.26},{"name":"Boston","count":96,"totalRevenue":18521805.99},{"name":"Nashville","count":88,"totalRevenue":16437256.15}],"statusDistribution":[{"name":"Won","count":920},{"name":"Cancelled","count":255},{"name":"Lost","count":246},{"name":"Pending","count":238}],"revenueSegmentDistribution":[{"name":"Tier 5 (Under $10K)","count":345,"totalRevenue":63397346.07},{"name":"Tier 4 ($10K-$25K)","count":343,"totalRevenue":63094792.15},{"name":"Tier 2 ($50K-$100K)","count":334,"totalRevenue":61288779.93},{"name":"Tier 3 ($25K-$50K)","count":334,"totalRevenue":59111328.34},{"name":"Tier 1 ($100K+)","count":303,"totalRevenue":56644832.74}],"eventsByMonth":[{"month":"2018-01","count":21,"revenue":3359281.1},{"month":"2018-02","count":14,"revenue":3100348.22},{"month":"2018-03","count":23,"revenue":4387190.45},{"month":"2018-04","count":15,"revenue":1985097.96},{"month":"2018-05","count":14,"revenue":2808074.55},{"month":"2018-06","count":26,"revenue":5180178.17},{"month":"2018-07","count":13,"revenue":2390471.84},{"month":"2018-08","count":22,"revenue":4427276.57},{"month":"2018-09","count":19,"revenue":3327291.9},{"month":"2018-10","count":23,"revenue":4400935.06},{"month":"2018-11","count":22,"revenue":4319412.48},{"month":"2018-12","count":24,"revenue":4702046.43},{"month":"2019-01","count":15,"revenue":2396811.16},{"month":"2019-02","count":16,"revenue":2706640.95},{"month":"2019-03","count":13,"revenue":2607844.22},{"month":"2019-04","count":20,"revenue":3410471.46},{"month":"2019-05","count":16,"revenue":2820980.71},{"month":"2019-06","count":19,"revenue":2943302.01},{"month":"2019-07","count":12,"revenue":2044214.88},{"month":"2019-08","count":17,"revenue":3164121.85},{"month":"2019-09","count":18,"revenue":3466120.28},{"month":"2019-10","count":15,"revenue":2513765.57},{"month":"2019-11","count":15,"revenue":3085545.41},{"month":"2019-12","count":19,"revenue":3929402.21},{"month":"2020-01","count":16,"revenue":2710254.85},{"month":"2020-02","count":18,"revenue":2673163.19},{"month":"2020-03","count":23,"revenue":3841887.11},{"month":"2020-04","count":17,"revenue":3009016.3},{"month":"2020-05","count":14,"revenue":2306210.66},{"month":"2020-06","count":15,"revenue":2272549.19},{"month":"2020-07","count":14,"revenue":2487669.31},{"month":"2020-08","count":15,"revenue":2479377.93},{"month":"2020-09","count":16,"revenue":3007958.26},{"month":"2020-10","count":24,"revenue":4490805.13},{"month":"2020-11","count":15,"revenue":3175316.68},{"month":"2020-12","count":23,"revenue":3556794.76},{"month":"2021-01","count":18,"revenue":3845770.1},{"month":"2021-02","count":10,"revenue":1510515.48},{"month":"2021-03","count":24,"revenue":4692123.37},{"month":"2021-04","count":16,"revenue":2751359.93},{"month":"2021-05","count":11,"revenue":1773077.02},{"month":"2021-06","count":22,"revenue":3496981.37},{"month":"2021-07","count":23,"revenue":4747821.65},{"month":"2021-08","count":11,"revenue":1747319.76},{"month":"2021-09","count":17,"revenue":2728512.3},{"month":"2021-10","count":29,"revenue":5078294.49},{"month":"2021-11","count":20,"revenue":4030386.43},{"month":"2021-12","count":20,"revenue":3241106.76},{"month":"2022-01","count":10,"revenue":2009668.54},{"month":"2022-02","count":19,"revenue":3894192.58},{"month":"2022-03","count":15,"revenue":2243450.9},{"month":"2022-04","count":17,"revenue":3171954.31},{"month":"2022-05","count":12,"revenue":2484289.2},{"month":"2022-06","count":20,"revenue":4117394.45},{"month":"2022-07","count":15,"revenue":2639934.56},{"month":"2022-08","count":14,"revenue":2211738.52},{"month":"2022-09","count":17,"revenue":2650067.29},{"month":"2022-10","count":16,"revenue":3447019.72},{"month":"2022-11","count":17,"revenue":2757304.51},{"month":"2022-12","count":18,"revenue":3462168.22},{"month":"2023-01","count":25,"revenue":5099447.03},{"month":"2023-02","count":22,"revenue":4112992.17},{"month":"2023-03","count":15,"revenue":2407927},{"month":"2023-04","count":17,"revenue":2246649.62},{"month":"2023-05","count":17,"revenue":3838690.93},{"month":"2023-06","count":12,"revenue":2404204.6},{"month":"2023-07","count":18,"revenue":3432842.99},{"month":"2023-08","count":18,"revenue":2974529.6},{"month":"2023-09","count":29,"revenue":5603838.15},{"month":"2023-10","count":20,"revenue":3612637.79},{"month":"2023-11","count":12,"revenue":2028154.62},{"month":"2023-12","count":11,"revenue":2194796.68},{"month":"2024-01","count":14,"revenue":2579469.87},{"month":"2024-02","count":14,"revenue":2337352.34},{"month":"2024-03","count":14,"revenue":2440558.67},{"month":"2024-04","count":16,"revenue":2815495.46},{"month":"2024-05","count":21,"revenue":4127018.17},{"month":"2024-06","count":22,"revenue":3048638.97},{"month":"2024-07","count":11,"revenue":2036614.37},{"month":"2024-08","count":14,"revenue":2789316.92},{"month":"2024-09","count":21,"revenue":4024133.79},{"month":"2024-10","count":18,"revenue":3074775.36},{"month":"2024-11","count":14,"revenue":2781923.32},{"month":"2024-12","count":21,"revenue":3826399.89},{"month":"2025-01","count":7,"revenue":1369727.75},{"month":"2025-02","count":14,"revenue":2801110.79},{"month":"2025-03","count":21,"revenue":4551731.76},{"month":"2025-04","count":12,"revenue":1983753.64},{"month":"2025-05","count":20,"revenue":3859732.34},{"month":"2025-06","count":22,"revenue":4771455.63},{"month":"2025-07","count":13,"revenue":2186696.93},{"month":"2025-08","count":17,"revenue":2694843.91},{"month":"2025-09","count":14,"revenue":2619267.24},{"month":"2025-10","count":10,"revenue":2196882.44},{"month":"2025-11","count":17,"revenue":3290889.61},{"month":"2025-12","count":24,"revenue":5152298.61}]}